<record><leader>00000cas a22000007a 4500</leader><controlfield tag="001">21585652</controlfield><controlfield tag="008">900524d1796179unhuwr ne      0    0eng d</controlfield><datafield ind1=" " ind2=" " tag="010"><subfield code="a">sn 94055766 </subfield></datafield><datafield ind1=" " ind2=" " tag="040"><subfield code="a">NPH</subfield><subfield code="b">eng</subfield><subfield code="c">NPH</subfield><subfield code="d">MGN</subfield><subfield code="d">OCLCQ</subfield></datafield><datafield ind1=" " ind2=" " tag="042"><subfield code="a">msc</subfield></datafield><datafield ind1="0" ind2="4" tag="245"><subfield code="a">The Grafton Minerva, and Haverhill weekly bud.</subfield></datafield><datafield ind1="1" ind2="3" tag="246"><subfield code="a">Minerva</subfield></datafield><datafield ind1=" " ind2=" " tag="260"><subfield code="a">Haverhill, N.H. :</subfield><subfield code="b">Nathaniel Coverly &amp; Son</subfield></datafield><datafield ind1=" " ind2=" " tag="300"><subfield code="a">v. ;</subfield><subfield code="c">45 cm.</subfield></datafield><datafield ind1=" " ind2=" " tag="310"><subfield code="a">Weekly</subfield></datafield><datafield ind1="1" ind2=" " tag="362"><subfield code="a">Began in 1796.</subfield></datafield><datafield ind1=" " ind2=" " tag="588"><subfield code="a">Description based on: Vol. 1, no. 4 (Mar. 24, 1796).</subfield></datafield><datafield ind1=" " ind2=" " tag="752"><subfield code="a">United States</subfield><subfield code="b">New Hampshire</subfield><subfield code="c">Grafton</subfield><subfield code="d">Haverhill.</subfield></datafield></record>